@book{cormen2001introduction,
  title={Introduction to Algorithms},
  author={Cormen, T. H. and Leiserson, C. E. and Rivest, R. L. and Stein, C.},
  year={2001},
  publisher={MIT Press}
}

@article{bajracharya,
  author = {Bajracharya, Dinesh},
  title = {A Review on {Java HashMap and TreeMap}},
  journal = {International Journal of Engineering Applied Sciences and Technology},
  volume = {5},
  number = {1},
  year = {2020},
  pages = {134--138},
  issn = {2455-2143},
  url = {http://www.ijeast.com},
  note = {Published Online May 2020 in IJEAST}
}


@book{sedgewick2011algorithms,
  title={Algorithms, 4th Edition},
  author={Sedgewick, R. and Wayne, K.},
  year={2011},
  publisher={Addison-Wesley}
}

@article{simic_tracing_2023,
  author = {Simic, W. by: M.},
  title = {Tracing the Path in {DFS}, {BFS}, and {Dijkstraâ€™s} Algorithm},
  journal = {Baeldung on Computer Science},
  year = {2023},
  month = {May},
  day = {12},
  url = {https://www.baeldung.com/cs/dfs-vs-bfs-vs-dijkstra}
}

@article{traud2012social,
  title={Social structure of Facebook networks},
  author={Traud, Amanda L and Mucha, Peter J and Porter, Mason A},
  journal={Physica A: Statistical Mechanics and its Applications},
  volume={391},
  number={16},
  pages={4165--4180},
  year={2012},
  publisher={Elsevier}
}

@article{HUMMON1990273,
  added-at = {2017-06-20T17:28:50.000+0200},
  author = {Hummon, Norman P. and Doreian, Patrick},
  biburl = {https://www.bibsonomy.org/bibtex/2d288ba6e23aa517005cd6617ff461a12/mbockholt},
  doi = {http://dx.doi.org/10.1016/0378-8733(90)90011-W},
  interhash = {946c26a4f726ca49f7ce6f9c6d599b0f},
  intrahash = {d288ba6e23aa517005cd6617ff461a12},
  issn = {0378-8733},
  journal = {Social Networks},
  keywords = {analysis citation main network path},
  number = 4,
  pages = {273 - 288},
  timestamp = {2017-06-20T17:28:50.000+0200},
  title = {Computational methods for social network analysis},
  url = {http://www.sciencedirect.com/science/article/pii/037887339090011W},
  volume = 12,
  year = 1990
}

@article{shannon2003cytoscape,
  title={Cytoscape: a software environment for integrated models of biomolecular interaction networks},
  author={Shannon, Paul and Markiel, Andrew and Ozier, Owen and Baliga, Nitin S and Wang, Jonathan T and Ramage, Daniel and Amin, Nada and Schwikowski, Benno and Ideker, Trey},
  journal={Genome research},
  volume={13},
  number={11},
  pages={2498--2504},
  year={2003},
  publisher={Cold Spring Harbor Lab}
}
